
@MANUAL{microblaze,
  title =        {Microblaze processor reference guide},
  organization = {Xilinx},
  year =         {2008},
  source =       {http://www.xilinx.com/support/documentation/sw\_manuals/mb\_ref\_guide.pdf},
}

@MANUAL{plb,
  title =        {Processor Local Bus (PLB) v4.6 (v1.04a)},
  organization = {Xilinx},
  year =         {2008},
  source =       {http://www.xilinx.com/support/documentation/ip\_documentation/ds531.pdf},
}


@BOOK{reconbook,
  author =       {S. Hauck and A. DeHon},
  title =        {Reconfigurable Computing: The Theory and Practice of FPGA-Based Computation},
  publisher =    {Morgan Kaufmann},
  year =         {2007},
  address={Boston, MA, USA},
}

@BOOK{hennandpat,
  author =       {J. L. Hennessy and D. A. Patterson},
  title =        {Computer Architecture: A Quantitative Approach},
  publisher =    {Morgan Kaufmann },
  year =         {2011},
  series =       {Morgan Kaufmann Series in Computer Architecture and Design},
  edition =      {Fifth},
  address={Boston, MA, USA},
}


@MASTERSTHESIS{Troy,
  author =       {W. S. Troy},
  title =        {Construction and validation of a reconfigurable computer cluster},
  school =       {Baylor University},
  year =         {2009},
  address =      {Waco, TX, USA},
}

@BOOK{greenlaw,
  author =       {R. Greenlaw and H. J. Hoover and L. Ruzzo},
  title =        {Limits to Parallel Computation: P-completeness Theory},
  publisher =    {Oxford University Press},
  year =         {1995},
  isbn =         {0-10-508591-4},
  address={New York, NY, USA},
}
@BOOK{AptO,
  author =       {K. R. Apt and E. Olderog},
  title =        {Verification of sequential and Concurrent Programs},
  publisher =    {Springer-Verlag},
  year =         {1997},
  edition =      {Second},
  series={Graduate Texts in Computer Science},
  address={London, UK},
}

@MASTERSTHESIS{sammy,
  author =       {S. R. D'Souza},
  title =        {Parallelizing a Non-Deterministic Optimization Algorithm},
  school =       {California State University San Bernardino},
  address =      {San Bernardino, CA, USA},
  year =         {2007},
}


@ARTICLE{shortcut,
    author = {E. Gomez and L. R. Scott},
    title = {Overlapping and Shortcutting Techniques in Loosely Synchronous Irregular Problems},
    journal =      {Springer Lecture Notes in Computer Science},
    year =         {1998},
  volume =       {1457},
  pages =        {116-127},
  publisher= {Springer-Verlag},
  address={Berlin, Germany},
}

@MASTERSTHESIS{faris,
    author = {F. N. Zuriekat},
    title = {Parallel Remote Interactive Management Model},
  school =       {California State University San Bernardino},
    year = {2007},
    address={San Bernardino, CA, USA},
}
@UNPUBLISHED{rowen,
  author =       {R. Concepcion and E. Gomez},
  title =        {Compiler Support for Shortcutting},
  year =         {2014},
  note = {MS Thesis research in progress.},
    address={San Bernardino, CA, USA},
}

@article{GS11,
author = {E. Gomez and K. Schubert},
title = {Algebra of Synchronization with Application to Deadlock and Semaphores},
journal ={International Journal of Networking and Computing },
year = {2011},
volume = {1},
number = {2},
pages = {144-156},
}


@inproceedings{GS10,
author = {E. Gomez and K. Schubert},
title = {Algebra of Synchronization with Application to Deadlock and Semaphores},
booktitle ={Proceedings of the International Conference on Natural Computation},
isbn = {978-0-7695-4277-5},
year = {2010},
pages = {202-208},
doi = {http://doi.ieeecomputersociety.org/10.1109/IC-NC.2010.43},
publisher = {IEEE Computer Society},
address = {Los Alamitos, CA, USA},
}
@INPROCEEDINGS{GKS05b,
  AUTHOR =       {E. Gomez and Y. Karant and K.E. Schubert},
  TITLE =        {{Preventing Deadlock with Dynamic Message Scheduling}},
  BOOKTITLE =    {Proceedings of the $18^{th}$ International Conference on Systems Engineering},
  YEAR =         {2005},
  editor =       {H. Selvaraj and V. Muthukumar},
  pages =        {52-57},
  address =      {Los Alamitos, CA},
  publisher =    {IEEE},
}

@TECHREPORT{processset,
  author =       {E. Gomez and L. R. Scott},
  title =        {Compiler Support for Implicit Process Sets},
  institution =  {University of Chicago},
  year =         {2005},
  type =         {Technical Report},
  number =       {TR-2005-14},
  address =      {Chicago, IL, USA},
}

@PHDTHESIS{gomez,
  author =       {E. Gomez},
  title =        {Single Program Task Parallelism},
  school =       {University of Chicago},
  address =      {Chicago, IL, USA},
  year =         {2004},
}

@BOOK{ridgeway,
  author =       {L. R. Scott and T. Clark and B. Bagheri},
  title =        {Scientific Parallel Computing},
  publisher =    {Princeton University Press},
  year =         {2005},
  isbn =         {9780691119359},
  address =      {Princeton, NJ, USA},
}
@BOOK{yairbook,
  author =       {Y. Censor and S. A. Zenios},
  title =        {Parallel Optimization: Theory, Algorithms, and Applications},
  publisher =    {Oxford University Press},
  year =         {1997},
 address = {New York, NY, USA},
  isbn =         {0-19-510062-X},
}
@article{censor1988parallel,
  title={Parallel application of block-iterative methods in medical imaging and radiation therapy},
  author={Y. Censor},
  journal={Mathematical Programming},
  volume={42},
  number={1-3},
  pages={307--325},
  year={1988},
  publisher={Springer-Verlag}
}
@inproceedings{butnariu2001inherently,
  title =      {Averaging Strings of Sequential Iterations for Convex Feasibility Problems},
  pages =        {101-114},
  author={Y. Censor and T. Elfving and G. T. Herman},
  booktitle={Inherently parallel algorithms in feasibility and optimization and their applications},
  editor={D. Butnariu and S. Reich and Y. Censor},
  publisher={Elsevier Science Publishers},
  address = {Amsterdam, The Netherlands},
  year={2001},
}
@article{penfold2010total,
  title={Total variation superiorization schemes in proton computed tomography image reconstruction},
  author={S.N. Penfold and R. W. Schulte and Y. Censor and A. B. Rosenfeld},
  journal={Medical physics},
  volume={37},
  number={11},
  pages={5887--5895},
  year={2010},
  publisher={American Association of Physicists in Medicine},
}
@article{censor2010perturbation,
  title={Perturbation resilience and superiorization of iterative algorithms},
  author={Y. Censor and R. Davidi and G. T. Herman},
  journal={Inverse problems},
  volume={26},
  number={6},
  pages={065008},
  year={2010},
  publisher={IOP Publishing},
}

@INPROCEEDINGS{PSCBMSR09,
  AUTHOR =       {S. N. Penfold and R. W. Schulte and Y. Censor and V. Bashkirov and S. Macallister and K. E. Schubert and A. B. Rosenfeld},
  TITLE =        {Block-Iterative and String-Averaging Projection Algorithms in Proton Computed Tomography Image Reconstruction},
  BOOKTITLE =    {Biomedical Mathematics: Promising Directions in Imaging, Therapy Planning and Inverse Problems},
  YEAR =         {2010},
  pages =        {347-367},
  editor =       {Y. Censor and M. Jiang and G. Wang},
  address =      {Madison, WI, USA},
  publisher =    {Medical Physics Publishing},
}

@article{censor2008iterative,
  title={Iterative projection methods in biomedical inverse problems},
  author={Y. Censor and A. Segal},
  editor={Y. Censor and M. Jiang and A. K. Louis},
  journal={Mathematical Methods in Biomedical Imaging and Intensity-Modulated Radiation Therapy (IMRT)},
  pages={65--96},
  year={2008},
  publisher={Edizioni della Normale},
  address={Pisa, Italy},
}
@article{herman2012superiorization,
  title={Superiorization: An optimization heuristic for medical physics},
  author={G. T. Herman and E. Gardu{\~n}o and R. Davidi and Y. Censor},
  journal={Medical physics},
  volume={39},
  number={9},
  pages={5532--5546},
  year={2012},
  publisher={American Association of Physicists in Medicine},
}

@article{censor2009string,
  title={On the string averaging method for sparse common fixed-point problems},
  author={Y. Censor and A. Segal},
  journal={International Transactions in Operational Research},
  volume={16},
  number={4},
  pages={481--494},
  year={2009},
  publisher={Wiley Online Library},
}




@article{dorigo1997anta,
  title={Ant colony system: a cooperative learning approach to the traveling salesman problem},
  author={M. Dorigo and L. M. Gambardella},
  journal={IEEE Transactions on Evolutionary Computation},
  volume={1},
  number={1},
  pages={53--66},
  year={1997},
  publisher={IEEE},
}
@article{dorigo1997antb,
  title={Ant colony algorithm for the traveling salesman problems in biological systems},
  author={M. Dorigo and D. Gambar},
  journal={IEEE Transactions on Evolutionary Computation},
  volume={43},
  number={2},
  pages={73--81},
  year={1997},
}

@article{dorigo2005ant,
  title={Ant colony optimization theory: A survey},
  author={M. Dorigo and C. Blum},
  journal={Theoretical computer science},
  volume={344},
  number={2},
  pages={243--278},
  year={2005},
  publisher={Elsevier},
}
@article{colorni1991distributed,
  title={Distributed optimization by ant colonies},
  author={A. Colorni and M. Dorigo and V. Maniezzo and others},
  journal={Proceedings of the first European conference on artificial life},
  volume={142},
  pages={134--142},
  year={1991},
}
@book{bonabeau1999swarm,
  title={Swarm Intelligence: From Natural to Artificial Systems },
  author={E. Bonabeau and M. Dorigo and G. Theraulaz},
  year={1999},
  publisher={Oxford University Press},
  series={Santa Fe Institute Studies in the Sciences of Complexity},
  address={New York, NY, USA},
}


@inproceedings{SWSS12,
  author    = {B. Schultze and M. Witt and K. E. Schubert and R. Schulte},
  title     = {Space Carving and Filtered Back Projection as Preconditioners for Proton Computed Tomography Reconstruction},
  booktitle = {Proceedings of the IEEE Nuclear Science Symposium Medical Imaging Conference},
  year      = {2012},
}
@inproceedings{WSS12,
  author    = {M. Witt and R. Schulte and K.E. Schubert},
  title     = {A Proton Simulator for Testing Implementations of Proton CT Reconstruction Algorithms on GPGPU Clusters},
  booktitle = {Proceedings of the IEEE Nuclear Science Symposium Medical Imaging Conference},
  year      = {2012},
}
@ARTICLE{PSSR09,
  AUTHOR =       {S. N. Penfold and A. B. Rosenfeld and R. W. Schulte and K. E. Schubert},
  TITLE =        {A more accurate reconstruction system matrix for quantitative proton computed tomography},
  JOURNAL =      {Journal of Medical Physics},
  YEAR =         {2009},
  volume =       {36},
  number =       {10},
  pages =        {4511-4518},
}
@article{censor2001component,
  title={Component averaging: An efficient iterative parallel algorithm for large and sparse unstructured problems},
  author={Y. Censor and D. Gordon and R. Gordon},
  journal={Parallel computing},
  volume={27},
  number={6},
  pages={777--808},
  year={2001},
  publisher={Elsevier},
}
@book{garey1979computers,
  author = {M. R. Garey and D. S. Johnson},
  publisher = {W. H. Freeman},
  title = {Computers and Intractability: A Guide to the Theory of NP-Completeness (Series of Books in the Mathematical Sciences)},
  year = {1979},
  address={New York, NY, USA},
}
@INBOOK{sturgill1994novel,
  author={D. Sturgill and A. Segre},
  title =        {Automated Deduction—CADE-12: 12th International Conference on Automated Deduction},
  chapter =      {A novel asynchronous parallelism scheme for first-order logic},
  pages={484--498},
  year={1994},
  publisher={Springer-Verlag},
  volume =       {814},
  series =       {Springer Lecture notes in Computer Science},
  address =      {Nancy, France},
}

@article{sturgill1997nagging,
  title={Nagging: a distributed, adversarial search-pruning technique applied to first-order inference},
  author={D. Sturgill and A. M. Segre},
  journal={Journal of Automated Reasoning},
  volume={19},
  number={3},
  pages={347--376},
  year={1997},
  publisher={Springer}
}
@INPROCEEDINGS{forman2002nagsat,
  author =       {S. L. Forman and A. M. Segre},
  title =        {NagSAT; A Randomized Complete, Parallel Solver for {3-SAT}},
  booktitle =    {Proceedings of Theory and Applications of Satisfiability Testing (SAT’02)},
  year =         {2002},
  pages =        {236–243},
}
@article{Chandra:1981:ALT:322234.322243,
 author = {A. K. Chandra and D. C. Kozen and L. J. Stockmeyer},
 title = {Alternation},
 journal = {Journal of the ACM},
 issue_date = {Jan. 1981},
 volume = {28},
 number = {1},
 year = {1981},
 issn = {0004-5411},
 pages = {114--133},
 numpages = {20},
 url = {http://doi.acm.org/10.1145/322234.322243},
 doi = {10.1145/322234.322243},
 acmid = {322243},
 publisher = {ACM},
 address = {New York, NY, USA},
}
@INPROCEEDINGS{GeKS04Deadlock,
  AUTHOR =       "E. Gomez and Y. Karant and K. E. Schubert",
  TITLE =        "Preventing Deadlock with Dynamic Message Scheduling",
  BOOKTITLE =    "Proceedings of the Hawaii International Conference on Computer Science",
  YEAR =         "2004",
  pages =        "122-140",
}
@BOOK{Herman,
  author =       {G. T. Herman},
  title =        {Fundamental of Computerized Tomography: Image Reconstruction from Projections},
  publisher =    {Springer-Verlag},
  year =         {2009},
  address =      {London, UK},
  edition =      {Second},
}
